@misc{matrix,
	title="Матрицы. Виды матриц [Электронный ресурс]",
	howpublished="Режим доступа: \url{https://vuzlit.com/833194/matritsy_vidy_matrits} (дата обращения: 20.10.2022)"
}

@misc{matrix2,
	title="Произведение двух матриц: формула, решения, свойства [Электронный ресурс]",
	howpublished="Режим доступа: \url{https://function-x.ru/operations_with_matrices.html} (дата обращения: 20.10.2022)"
}

@misc{vinograd,
	title="Умножение матриц по Винограду [Электронный ресурс]",
	howpublished="Режим доступа: \url{http://algolib.narod.ru/Math/Matrix.html} (дата обращения: 20.10.2022)"
}

@inbook{PythonBook,
	author="Лутц, Марк",
	title="Изучаем Python, том 1, 5-е изд.",
	publisher="Пер. с англ. — СПб.: ООО “Диалектика”",
	pages=832,
	language="russian",
	year=2019
}

@misc{process_time_text,
	title="time — Time access and conversions [Электронный ресурс]",
	howpublished="Режим доступа: \url{https://docs.python.org/3/library/time.html} (дата обращения: 20.09.2021)"
}

@misc{pycharm,
	title="Узнайте все о PyCharm [Электронный ресурс]",
	howpublished="Режим доступа: \url{https://www.jetbrains.com/ru-ru/pycharm/learn/} (дата обращения: 20.09.2022)"
}

@misc{windows10,
    title="Windows 10 [Электронный ресурс]",
    howpublished="Режим доступа:
    \url{https://learn.microsoft.com/ru-ru/windows/} (дата обращения: 20.09.2022)"
}

@misc{radix_sort,
    title="Поразрядная сортировка [Электронный ресурс]",
    howpublished="Режим доступа:
    \url{http://algolist.ru/sort/radix_sort.php} (дата обращения:
    04.10.2022)"
    }

@misc{select_sort,
	title="Сортировка выбором  [Электронный ресурс]",
	howpublished="Режим доступа: \url{https://kvodo.ru/sortirovka-vyiborom-2.html} (дата обращения: 04.10.2022)"
}
