@inbook{sorts_book,
	author="Шагбазян Д.В., Штанюк А.А., Малкина Е.В.",
	title="Алгоритмы  сортировки.  Анализ,  реализация,  применение.",
	publisher="Нижний Новгород: Нижегородский госуниверситет",
	volume=42,
	language="russian",
	year=2019
}

@inbook{PythonBook,
	author="Лутц, Марк",
	title="Изучаем Python, том 1, 5-е изд.",
	publisher="Пер. с англ. — СПб.: ООО “Диалектика”",
	volume=832,
	language="russian",
	year=2019
}

@misc{process_time_text,
	title="time — Time access and conversions [Электронный ресурс]",
	howpublished="Режим доступа: \url{https://docs.python.org/3/library/time.html} (дата обращения: 20.09.2021)"
}

@misc{pycharm,
	title="Узнайте все о PyCharm [Электронный ресурс]",
	howpublished="Режим доступа: \url{https://www.jetbrains.com/ru-ru/pycharm/learn/} (дата обращения: 20.09.2022)"
}

@misc{windows10,
    title="Windows 10 [Электронный ресурс]",
    howpublished="Режим доступа:
    \url{https://learn.microsoft.com/ru-ru/windows/} (дата обращения: 20.09.2022)"
}

@misc{radix_sort,
    title="Поразрядная сортировка [Электронный ресурс]",
    howpublished="Режим доступа:
    \url{http://algolist.ru/sort/radix_sort.php} (дата обращения:
    04.10.2022)"
    }

@misc{select_sort,
	title="Сортировка выбором  [Электронный ресурс]",
	howpublished="Режим доступа: \url{https://kvodo.ru/sortirovka-vyiborom-2.html} (дата обращения: 04.10.2022)"
}
