@inbook{Levenshtein,
	author="Левенштейн, В. И.",
	title="Двоичные коды с исправлением выпадений, вставок и замещений символов / Доклады АН СССР Т. 163.",
	publisher="-- М.: Наука",
	chapter=4,
	pages="845--848",
	language="russian",
	year=1965
}

@inbook{PythonBook,
	author="Лутц, Марк",
	title="Изучаем Python, том 1, 5-е изд.",
	publisher="Пер. с англ. — СПб.: ООО “Диалектика”",
	pages=832,
	language="russian",
	year=2019
}

@misc{process_time_text,
	title="time — Time access and conversions [Электронный ресурс]",
	howpublished="Режим доступа: \url{https://docs.python.org/3/library/time.html} (дата обращения: 20.09.2021)"
}

@misc{pycharm,
	title="Узнайте все о PyCharm [Электронный ресурс]",
	howpublished="Режим доступа: \url{https://www.jetbrains.com/ru-ru/pycharm/learn/} (дата обращения: 20.09.2022)"
}

@misc{windows10,
    title="Windows 10 [Электронный ресурс]",
    howpublished="Режим доступа:
    \url{https://learn.microsoft.com/ru-ru/windows/} (дата обращения: 20.09.2022)"
}