@inbook{sorts_book,
	author="Шагбазян Д.В., Штанюк А.А., Малкина Е.В.",
	title="Алгоритмы  сортировки.  Анализ,  реализация,  применение.",
	publisher="Нижний Новгород: Нижегородский госуниверситет",
	volume=42,
	language="russian",
	year=2019
}

@misc{PythonBook,
	title="Лутц, Марк. Изучаем Python, том 1, 5-е изд. Пер. с англ. — СПб.: ООО “Диалектика”, 2019 --- C. 832",
	howpublished=""
}

@misc{process_time_text,
	title="time — Time access and conversions [Электронный ресурс]",
	howpublished="Режим доступа: \url{https://docs.python.org/3/library/time.html} (дата обращения: 20.09.2021)"
}

@misc{pycharm,
	title="Узнайте все о PyCharm [Электронный ресурс]",
	howpublished="Режим доступа: \url{https://www.jetbrains.com/ru-ru/pycharm/learn/} (дата обращения: 20.09.2022)"
}

@misc{windows10,
    title="Windows 10 [Электронный ресурс]",
    howpublished="Режим доступа:
    \url{https://learn.microsoft.com/ru-ru/windows/} (дата обращения: 20.09.2022)"
}

@misc{multithread,
    title="Многопоточность [Электронный ресурс]",
    howpublished="Режим доступа:
    \url{https://ru.bmstu.wiki/multithread} 
    (дата обращения:
    28.10.2022)"
    }

@misc{brez_alg,
	title="Алгоритм Брезенхема для рисования наклонных отрезков  [Электронный ресурс]",
	howpublished="Режим доступа: \url{https://prog-cpp.ru/brezenham/} (дата обращения: 29.10.2022)"
}

@misc{brez_def,
	title="Растровый алгоритм Брезенхема построения линии  [Электронный ресурс]",
	howpublished="Режим доступа: \url{http://grafika.me/node/8} (дата обращения: 29.10.2022)"
}

@misc{cpp,
	title="Справочник по языку C++  [Электронный ресурс]",
	howpublished="Режим доступа: \url{https://learn.microsoft.com/ru-ru/cpp/cpp/cpp-language-reference?view=msvc-170} (дата обращения: 29.10.2022)"
}

@misc{chrono,
	title="Date and time utilities [Электронный ресурс]",
	howpublished="Режим доступа: \url{https://en.cppreference.com/w/cpp/chrono} (дата обращения: 29.10.2022)"
}

@misc{qt,
	title="Qt Creator Manual [Электронный ресурс]",
	howpublished="Режим доступа: \url{https://doc.qt.io/qtcreator/} (дата обращения: 29.10.2022)"
}